<record><leader>00000cas a22000007a 4500</leader><controlfield tag="001">13045868</controlfield><controlfield tag="008">860122d183u184upauwr ne      0    0eng  </controlfield><datafield ind1=" " ind2=" " tag="010"><subfield code="a">sn 86071037 </subfield></datafield><datafield ind1=" " ind2=" " tag="040"><subfield code="a">DLC</subfield><subfield code="b">eng</subfield><subfield code="c">DLC</subfield><subfield code="d">NPH</subfield><subfield code="d">CNW</subfield><subfield code="d">OCL</subfield><subfield code="d">DLC</subfield><subfield code="d">OCLCQ</subfield><subfield code="d">OCLCF</subfield></datafield><datafield ind1="1" ind2=" " tag="029"><subfield code="a">AU@</subfield><subfield code="b">000020127888</subfield></datafield><datafield ind1=" " ind2=" " tag="042"><subfield code="a">msc</subfield></datafield><datafield ind1=" " ind2=" " tag="043"><subfield code="a">n-us-pa</subfield></datafield><datafield ind1="0" ind2="0" tag="050"><subfield code="a">Newspaper</subfield></datafield><datafield ind1="0" ind2="0" tag="245"><subfield code="a">Blairsville record, and Indiana and Westmoreland advertiser.</subfield></datafield><datafield ind1="1" ind2="7" tag="246"><subfield code="a">Blairsville record</subfield></datafield><datafield ind1=" " ind2=" " tag="260"><subfield code="a">Blairsville, Indiana County, Pa. :</subfield><subfield code="b">John Matthias and Wm. B. Brown</subfield></datafield><datafield ind1=" " ind2=" " tag="300"><subfield code="a">v. ;</subfield><subfield code="c">54-57 cm.</subfield></datafield><datafield ind1=" " ind2=" " tag="310"><subfield code="a">Weekly</subfield></datafield><datafield ind1="1" ind2=" " tag="362"><subfield code="a">Ceased in 1844 or 1845.</subfield><subfield code="z">Cf. Gregory, W. Amer. newspapers.</subfield></datafield><datafield ind1=" " ind2=" " tag="500"><subfield code="a">Publisher: William B. Brown, &lt;Nov. 27, 1844&gt;.</subfield></datafield><datafield ind1=" " ind2=" " tag="588"><subfield code="a">Description based on: Vol. 9, no. 35 (June 1, 1836).</subfield></datafield><datafield ind1=" " ind2="0" tag="651"><subfield code="a">Blairsville (Pa.)</subfield><subfield code="v">Newspapers.</subfield></datafield><datafield ind1=" " ind2="7" tag="655"><subfield code="a">Newspapers.</subfield><subfield code="2">fast</subfield><subfield code="0">(OCoLC)fst01423814</subfield></datafield><datafield ind1=" " ind2="7" tag="651"><subfield code="a">Pennsylvania</subfield><subfield code="z">Blairsville.</subfield><subfield code="2">fast</subfield><subfield code="0">(OCoLC)fst01221928</subfield></datafield><datafield ind1=" " ind2=" " tag="752"><subfield code="a">United States</subfield><subfield code="b">Pennsylvania</subfield><subfield code="c">Indiana</subfield><subfield code="d">Blairsville.</subfield></datafield><datafield ind1="0" ind2="0" tag="780"><subfield code="t">Blairsville record (Blairsville, Pa. : 1826)</subfield><subfield code="w">(DLC)sn 87078114</subfield><subfield code="w">(OCoLC)13657412</subfield></datafield><datafield ind1="0" ind2="0" tag="785"><subfield code="t">Citizen and Blairsville advocate</subfield><subfield code="w">(DLC)sn 87080231</subfield><subfield code="w">(OCoLC)15680042</subfield></datafield></record>